<record><leader>00000cas a22000007a 4500</leader><controlfield tag="001">17624833</controlfield><controlfield tag="008">880314d19281934lauwr ne      0    0eng d</controlfield><datafield ind1=" " ind2=" " tag="010"><subfield code="a">sn 88064263 </subfield></datafield><datafield ind1=" " ind2=" " tag="040"><subfield code="a">LNP</subfield><subfield code="b">eng</subfield><subfield code="c">LNP</subfield><subfield code="d">OCLCQ</subfield><subfield code="d">OCLCF</subfield><subfield code="d">OCLCO</subfield></datafield><datafield ind1=" " ind2=" " tag="042"><subfield code="a">msc</subfield></datafield><datafield ind1=" " ind2=" " tag="043"><subfield code="a">n-us-la</subfield></datafield><datafield ind1="0" ind2="0" tag="245"><subfield code="a">Signal-tribune.</subfield></datafield><datafield ind1="1" ind2="3" tag="246"><subfield code="a">Twice-a-week signal-tribune</subfield></datafield><datafield ind1=" " ind2=" " tag="260"><subfield code="a">Minden, La. :</subfield><subfield code="b">W.B. Jones</subfield></datafield><datafield ind1=" " ind2=" " tag="310"><subfield code="a">Weekly,</subfield><subfield code="b">Sept. 30, 1931-Jan. 30, 1934</subfield></datafield><datafield ind1=" " ind2=" " tag="321"><subfield code="a">Semiweekly,</subfield><subfield code="b">&lt;Sept. 8, 1929&gt;-Sept. 27, 1931</subfield></datafield><datafield ind1="1" ind2=" " tag="362"><subfield code="a">Began in 1928?</subfield></datafield><datafield ind1="0" ind2=" " tag="362"><subfield code="a">-v. 67, no. 174 (Jan. 30, 1934).</subfield></datafield><datafield ind1=" " ind2=" " tag="588"><subfield code="a">Description based on: Vol. 64, no. 48 (Sept. 8, 1929).</subfield></datafield><datafield ind1=" " ind2="0" tag="651"><subfield code="a">Minden (La.)</subfield><subfield code="v">Newspapers.</subfield></datafield><datafield ind1=" " ind2="7" tag="655"><subfield code="a">Newspapers.</subfield><subfield code="2">fast</subfield><subfield code="0">(OCoLC)fst01423814</subfield></datafield><datafield ind1=" " ind2="7" tag="651"><subfield code="a">Louisiana</subfield><subfield code="z">Minden.</subfield><subfield code="2">fast</subfield><subfield code="0">(OCoLC)fst01217985</subfield></datafield><datafield ind1=" " ind2=" " tag="752"><subfield code="a">United States</subfield><subfield code="b">Louisiana</subfield><subfield code="c">Webster</subfield><subfield code="d">Minden.</subfield></datafield><datafield ind1="0" ind2="0" tag="780"><subfield code="t">Twice-a-week signal-tribune</subfield><subfield code="w">(DLC)sn 89059012</subfield></datafield><datafield ind1="0" ind2="7" tag="785"><subfield code="t">Springhill journal</subfield></datafield><datafield ind1="0" ind2="7" tag="785"><subfield code="t">Minden signal-tribune and the Springhill journal</subfield><subfield code="w">(DLC)sn 88064264</subfield></datafield></record>